@article{CMS-PAS-HIG-14-009,
      author         = "CMS~Collaboration",
      year           = "2014",
}

@article{Chatrchyan:2012xv,
      author         = "Chatrchyan, Serguei and others",
      title          = "{Inclusive and differential measurements of the $t
                        \bar{t}$\/ charge asymmetry in proton-proton collisions at 7
                        TeV}",
      collaboration  = "CMS",
      journal        = "Phys.Lett.",
      volume         = "B717",
      pages          = "129-150",
      doi            = "10.1016/j.physletb.2012.09.028",
      year           = "2012",
      eprint         = "1207.0065",
      archivePrefix  = "arXiv",
      primaryClass   = "hep-ex",
      reportNumber   = "CMS-TOP-11-030, CERN-PH-EP-2012-175",
      SLACcitation   = "%%CITATION = ARXIV:1207.0065;%%",
}

