@article{CMS-PAS-HIG-14-009,
      author         = "CMS~Collaboration",
      year           = "2014",
}

@article{smith04,
      author         = "Berge, Stefan and Westhoff, Susanne",
      title          = "{Top-Quark Charge Asymmetry Goes Forward: Two New
                        Observables for Hadron Colliders}",
      year           = "2013",
      eprint         = "1305.3272",
      archivePrefix  = "arXiv",
      primaryClass   = "hep-ph",
      SLACcitation   = "%%CITATION = ARXIV:1305.3272;%%",
}

@article{AguilarSaavedra:2012rx,
      author         = "Aguilar-Saavedra, J.A. and Bernreuther, W. and Si, Z.G.",
      title          = "{Collider-independent top quark forward-backward
                        asymmetries: standard model predictions}",
      journal        = "Phys.Rev.",
      volume         = "D86",
      pages          = "115020",
      doi            = "10.1103/PhysRevD.86.115020",
      year           = "2012",
      eprint         = "1209.6352",
      archivePrefix  = "arXiv",
      primaryClass   = "hep-ph",
      SLACcitation   = "%%CITATION = ARXIV:1209.6352;%%",
}

@article{Bernreuther:2012sx,
      author         = "Bernreuther, Werner and Si, Zong-Guo",
      title          = "{Top quark and leptonic charge asymmetries for the
                        Tevatron and LHC}",
      journal        = "Phys.Rev.",
      volume         = "D86",
      pages          = "034026",
      doi            = "10.1103/PhysRevD.86.034026",
      year           = "2012",
      eprint         = "1205.6580",
      archivePrefix  = "arXiv",
      primaryClass   = "hep-ph",
      reportNumber   = "TTK-12-19",
      SLACcitation   = "%%CITATION = ARXIV:1205.6580;%%",
}

@article{Chatrchyan:2012xv,
      author         = "Chatrchyan, Serguei and others",
      title          = "{Inclusive and differential measurements of the $t
                        \bar{t}$\/ charge asymmetry in proton-proton collisions at 7
                        TeV}",
      collaboration  = "CMS",
      journal        = "Phys.Lett.",
      volume         = "B717",
      pages          = "129-150",
      doi            = "10.1016/j.physletb.2012.09.028",
      year           = "2012",
      eprint         = "1207.0065",
      archivePrefix  = "arXiv",
      primaryClass   = "hep-ex",
      reportNumber   = "CMS-TOP-11-030, CERN-PH-EP-2012-175",
      SLACcitation   = "%%CITATION = ARXIV:1207.0065;%%",
}

